@misc{
trockman2022patches,
title={Patches Are All You Need?},
author={Asher Trockman and J Zico Kolter},
year={2022},
url={https://openreview.net/forum?id=TVHS5Y4dNvM}
}

@misc{he2015,
  doi = {10.48550/ARXIV.1512.03385},
  url = {https://arxiv.org/abs/1512.03385},
  author = {He, Kaiming and Zhang, Xiangyu and Ren, Shaoqing and Sun, Jian},
  keywords = {Computer Vision and Pattern Recognition (cs.CV), FOS: Computer and information sciences, FOS: Computer and information sciences},
  title = {Deep Residual Learning for Image Recognition},
  publisher = {arXiv},
  year = {2015}, 
  copyright = {arXiv.org perpetual, non-exclusive license}
}

@misc{Tolstikhin2021,
  doi = {10.48550/ARXIV.2105.01601},
  url = {https://arxiv.org/abs/2105.01601},
  author = {Tolstikhin, Ilya and Houlsby, Neil and Kolesnikov, Alexander and Beyer, Lucas and Zhai, Xiaohua and Unterthiner, Thomas and Yung, Jessica and Steiner, Andreas and Keysers, Daniel and Uszkoreit, Jakob and Lucic, Mario and Dosovitskiy, Alexey},
  keywords = {Computer Vision and Pattern Recognition (cs.CV), Artificial Intelligence (cs.AI), Machine Learning (cs.LG), FOS: Computer and information sciences, FOS: Computer and information sciences},
  title = {MLP-Mixer: An all-MLP Architecture for Vision},
  publisher = {arXiv},
  year = {2021},  
  copyright = {arXiv.org perpetual, non-exclusive license}
}

@misc{Dosovitskiy2020,
  doi = {10.48550/ARXIV.2010.11929},
  url = {https://arxiv.org/abs/2010.11929},
  author = {Dosovitskiy, Alexey and Beyer, Lucas and Kolesnikov, Alexander and Weissenborn, Dirk and Zhai, Xiaohua and Unterthiner, Thomas and Dehghani, Mostafa and Minderer, Matthias and Heigold, Georg and Gelly, Sylvain and Uszkoreit, Jakob and Houlsby, Neil},
  keywords = {Computer Vision and Pattern Recognition (cs.CV), Artificial Intelligence (cs.AI), Machine Learning (cs.LG), FOS: Computer and information sciences, FOS: Computer and information sciences},
  title = {An Image is Worth 16x16 Words: Transformers for Image Recognition at Scale},
  publisher = {arXiv},
  year = {2020},
  copyright = {arXiv.org perpetual, non-exclusive license}
}

@misc{Smith2017,
  doi = {10.48550/ARXIV.1708.07120},
  url = {https://arxiv.org/abs/1708.07120},
  author = {Smith, Leslie N. and Topin, Nicholay},
  keywords = {Machine Learning (cs.LG), Computer Vision and Pattern Recognition (cs.CV), Neural and Evolutionary Computing (cs.NE), Machine Learning (stat.ML), FOS: Computer and information sciences, FOS: Computer and information sciences},
  title = {Super-Convergence: Very Fast Training of Neural Networks Using Large Learning Rates},
  publisher = {arXiv},
  year = {2017},
  copyright = {arXiv.org perpetual, non-exclusive license}
}
@misc{Loshchilov2017,
  doi = {10.48550/ARXIV.1711.05101},
  url = {https://arxiv.org/abs/1711.05101},
  author = {Loshchilov, Ilya and Hutter, Frank},
  keywords = {Machine Learning (cs.LG), Neural and Evolutionary Computing (cs.NE), Optimization and Control (math.OC), FOS: Computer and information sciences, FOS: Computer and information sciences, FOS: Mathematics, FOS: Mathematics},
  title = {Decoupled Weight Decay Regularization},
  publisher = {arXiv},
  year = {2017},
  copyright = {arXiv.org perpetual, non-exclusive license}
}
@misc{Liu2022,
  doi = {10.48550/ARXIV.2201.03545},
  url = {https://arxiv.org/abs/2201.03545},
  author = {Liu, Zhuang and Mao, Hanzi and Wu, Chao-Yuan and Feichtenhofer, Christoph and Darrell, Trevor and Xie, Saining},
  keywords = {Computer Vision and Pattern Recognition (cs.CV), FOS: Computer and information sciences, FOS: Computer and information sciences},
  title = {A ConvNet for the 2020s},
  publisher = {arXiv},
  year = {2022},
  copyright = {Creative Commons Attribution 4.0 International}
}
@article{zhang2021dive,
    title={Dive into Deep Learning},
    author={Zhang, Aston and Lipton, Zachary C. and Li, Mu and Smola, Alexander J.},
    journal={arXiv preprint arXiv:2106.11342},
    year={2021}
}
@misc{https://doi.org/10.48550/arxiv.1611.05431,
  doi = {10.48550/ARXIV.1611.05431},
  url = {https://arxiv.org/abs/1611.05431},
  author = {Xie, Saining and Girshick, Ross and Doll√°r, Piotr and Tu, Zhuowen and He, Kaiming},
  keywords = {Computer Vision and Pattern Recognition (cs.CV), FOS: Computer and information sciences, FOS: Computer and information sciences},
  title = {Aggregated Residual Transformations for Deep Neural Networks},
  publisher = {arXiv},
  year = {2016},
  copyright = {arXiv.org perpetual, non-exclusive license}
}
